@inproceedings{1,
author = {Shechtman Eli and Boiman O},
year = {2008},
title = {In defence of Nearset-Neighbor based image classification},
booktitle = {Computer Vision and Pattern Recognition,2008. CVPR 2008.IEEE Conference}
}

@inproceedings{2,
author = {Kim J and Kim BS},
year = {2012},
title = {Comparing image classification methods: K-nearest-neighbor and support-vector-machines},
booktitle = {Proceeding
AMERICAN-MATH'12/CEA'12 Proceedings of the 6th WSEAS international conference on Computer Engineering and Applications, and Proceedings of the 2012 American conference on Applied Mathematics}, 
pages = {133-138} 
} 

@inproceedings{3,
author = {Krizhevsky A and SutskeverI},
year = {2012},
title = {ImageNet Classification with Deep Convolutional Neural Networks},
booktitle = {Advances in Neural Information Processing Systems 25 (NIPS 2012)}, 
} 

@inproceedings{4,
author = {American Cancer Society},
year = {2016},
title = {Key Statistics for Colorectal Cancer},
url = {https://www.cancer.org/cancer/colon-rectal-cancer/about/key-statistics.html}, 
} 

@inproceedings{5,
author = {Flemming M and Ravula S},
year = {2013},
title = {Colorectal Carcinoma: Pathologic Aspects},
booktitle = {Journal of Gastrointestinal Oncology}, 
} 

@inproceedings{6,
author = {Stanford},
year = {2016},
title = {CS231n: Convolutional Neural Networks for Visual Recognition.},
url = {http://cs231n.github.io/}, 
} 

@inproceedings{7,
author = {Kingma DP and Ba J},
year = {2014},
title = {Adam: A Method for Stochastic Optimization},
booktitle = {Published as a conference paper at the 3rd International Conference for Learning Representations, San Diego, 2015}, 
} 

@inproceedings{8,
author = {Philipp Kainz and Michael Pfeiffer and Martin Urschler},
year = {2015},
title = {Semantic Segmentation of Colon Glands with Deep Convolutional Neural Networks and Total Variation Segmentation},
booktitle = {CoRR}, 
} 

@inproceedings{9,
author = {Hao Chen and Xiaojuan Qi and Lequan Yu},
year = {2015},
title = {CAN: Deep Contour-Aware Networks for Accurate Gland Segmentation},
booktitle = {CoRR}
url = {http://arxiv.org/abs/1604.02677}, 
} 

